@MISC{SCEL,
  author = {R. {De Nicola} and G. Ferrari and M. Loreti and R. Pugliese},
  title = {Languages Primitives for Coordination, Resource Negotiation, and Task Description},
  howpublished = {ASCENS Deliverable D1.1},
  note = {\url{http://rap.dsi.unifi.it/scel/}},
  month = {September},
  year = {2011},
}

@MISC{SACPL,
  author = {R. Pugliese and F. Tiezzi},
  title = {SACPL: a Simple Access Control Policy Language},
  howpublished = {Technical Report},
  note = {\url{http://rap.dsi.unifi.it/scel/}},
  month = {September},
  year = {2012},
}

@inproceedings{SCEL-FMCO11,
  author = {R. {De Nicola} and G. Ferrari and M. Loreti and R. Pugliese},
  title = {A Language-based Approach to Autonomic Computing},
  Booktitle = {Proc. of the 10th International Symposium on Software
Technologies Concertation on Formal Methods for Components and Objects (FMCO 2011)},
  Publisher = {Springer},
  series    = {Lecture Notes in Computer Science},
  Year = {2012},
  Note = {To appear}
}

@MISC{InterLink,
  author = {Project InterLink},
  title = {\url{http://interlink.ics.forth.gr/central.aspx}},
  note = {Last accessed: 2011-11-28},
  year = {2007},
}

@MISC{ascens,
  author = {Project ASCENS},
  title = {\url{http://www.ascens-ist.eu/}},
  note = {Last accessed: 2011-11-28},
  year = {2010},
}

@article{ST09,
  author    = {M. Salehie and L. Tahvildari},
  title     = {Self-adaptive software: Landscape and research challenges},
  journal   = {TAAS},
  volume    = {4},
  number    = {2},
  year      = {2009},
  ee        = {\url{http://doi.acm.org/10.1145/1516533.1516538}},
  bibsource = {DBLP, http://dblp.uni-trier.de}
}

@techreport{IBM05,
	Author = {IBM},
	Month = {June},
	Note = {Third edition},
	Title = {An architectural blueprint for autonomic computing},
	Year = {2005}
}

@inproceedings{BCGLV11,
  AUTHOR =       {Roberto Bruni and Andrea Corradini and Fabio Gadducci and Alberto {Lluch Lafuente} and Andrea Vandin},
  TITLE =        {A Conceptual Framework for Adaptation},
	Booktitle = {Fundamental Approaches to Software Engineering (FASE2012)},
	Publisher = {Springer},
	series    = {Lecture Notes in Computer Science},
    Year = {2012},
    Note = {To appear}
}

@article{SGP11,
	Author = {Guido Salvaneschi and Carlo Ghezzi and Matteo Pradella},
	Journal = {CoRR},
	Title = {Context-Oriented Programming: A Programming Paradigm for Autonomic Systems},
	Volume = {abs/1105.0069},
	Year = {2011}
}

@article{Klaim98,
  author    = {Rocco {De Nicola} and
               GianLuigi Ferrari and
               Rosario Pugliese},
  title     = {KLAIM: {A} {K}ernel {L}anguage for {A}gents {I}nteraction and {M}obility},
  journal   = {IEEE Trans. Software Eng.},
  volume    = {24},
  number    = {5},
  year      = {1998},
  pages     = {315-330},
}

@article{Linda85,
  author    = {David Gelernter},
  title     = {Generative {C}ommunication in {L}inda},
  journal   = {ACM Trans. Program. Lang. Syst.},
  volume    = {7},
  number    = {1},
  year      = {1985},
  pages     = {80-112},
}

@article{SOS:Plotkin04,
  author    = {Gordon D. Plotkin},
  title     = {A structural approach to operational semantics},
  journal   = {J. Log. Algebr. Program.},
  volume    = {60-61},
  year      = {2004},
  pages     = {17-139},
}

@article{PIC:MilnerPW92new,
  author    = {Robin Milner and
               Joachim Parrow and
               David Walker},
  title     = {A Calculus of Mobile Processes, {I \& II}},
  journal   = {Inf. Comput.},
  volume    = {100},
  number    = {1},
  year      = {1992},
  pages     = {1-77},
}

@article{PIC:MilnerPW92a,
  author    = {Robin Milner and
               Joachim Parrow and
               David Walker},
  title     = {A Calculus of Mobile Processes, {I}},
  journal   = {Inf. Comput.},
  volume    = {100},
  number    = {1},
  year      = {1992},
  pages     = {1-40},
}

@article{PIC:MilnerPW92b,
  author    = {Robin Milner and
               Joachim Parrow and
               David Walker},
  title     = {A Calculus of Mobile Processes, {II}},
  journal   = {Inf. Comput.},
  volume    = {100},
  number    = {1},
  year      = {1992},
  pages     = {41-77},
}

@inproceedings{Winskel86:ES,
  author    = {Glynn Winskel},
  title     = {Event Structures},
  booktitle = {Advances in Petri Nets},
  year      = {1986},
  pages     = {325-392},
  crossref  = {1986petri2},
}

@proceedings{1986petri2,
  editor    = {Wilfried Brauer and
               Wolfgang Reisig and
               Grzegorz Rozenberg},
  title     = {Petri Nets: Central Models and Their Properties, Advances
               in Petri Nets 1986, Part II, Proceedings of an Advanced
               Course, Bad Honnef, 8.-19. September 1986},
  booktitle = {Advances in Petri Nets},
  publisher = {Springer},
  series    = {Lecture Notes in Computer Science},
  volume    = {255},
  year      = {1987},
}

@article{Schneider00,
  author    = {Fred B. Schneider},
  title     = {Enforceable security policies},
  journal   = {ACM Trans. Inf. Syst. Secur.},
  volume    = {3},
  number    = {1},
  year      = {2000},
  pages     = {30-50},
}

@article{GP09,
  author    = {Daniele Gorla and Rosario Pugliese},
  title     = {Dynamic management of capabilities in a network aware coordination language},
  journal   = {J. Log. Algebr. Program.},
  volume    = {78},
  number    = {8},
  year      = {2009},
  pages     = {665-689},
}

@article{DFPV00,
  author    = {Rocco {De Nicola} and
               Gian Luigi Ferrari and
               Rosario Pugliese and
               Betti Venneri},
  title     = {Types for access control},
  journal   = {Theor. Comput. Sci.},
  volume    = {240},
  number    = {1},
  year      = {2000},
  pages     = {215-254},
}

@article{DGP06,
  author    = {Rocco {De Nicola} and
               Daniele Gorla and
               Rosario Pugliese},
  title     = {On the expressive power of KLAIM-based calculi},
  journal   = {Theor. Comput. Sci.},
  volume    = {356},
  number    = {3},
  year      = {2006},
  pages     = {387-421},
}

@article{IMCBettiniNFL07,
  author    = {Lorenzo Bettini and
               Rocco {De Nicola} and
               Daniele Falassi and
               Michele Loreti},
  title     = {Implementing a Distributed Mobile Calculus Using the IMC
               Framework},
  journal   = {ENTCS},
  volume    = {181},
  year      = {2007},
  pages     = {63-79},
}

@article{MS06,
  author    = {Nicola Mezzetti and
               Davide Sangiorgi},
  title     = {Towards a Calculus For Wireless Systems},
  journal   = {Electr. Notes Theor. Comput. Sci.},
  volume    = {158},
  year      = {2006},
  pages     = {331-353},
  ee        = {http://dx.doi.org/10.1016/j.entcs.2006.04.017},
  bibsource = {DBLP, http://dblp.uni-trier.de}
}

@book{DBLP:series/lncs/5380,
  editor    = {Martin Wirsing and
               Jean-Pierre Ban{\^a}tre and
               Matthias M. H{\"o}lzl and
               Axel Rauschmayer},
  title     = {Software-Intensive Systems and New Computing Paradigms -
               Challenges and Visions},
  booktitle = {Software-Intensive Systems and New Computing Paradigms},
  publisher = {Springer},
  series    = {LNCS},
  volume    = {5380},
  year      = {2008},
  isbn      = {978-3-540-89436-0},
  bibsource = {DBLP, http://dblp.uni-trier.de}
}


@article{SRS10,
  author    = {Anu Singh and
               C. R. Ramakrishnan and
               Scott A. Smolka},
  title     = {A process calculus for Mobile Ad Hoc Networks},
  journal   = {Sci. Comput. Program.},
  volume    = {75},
  number    = {6},
  year      = {2010},
  pages     = {440-469},
  ee        = {http://dx.doi.org/10.1016/j.scico.2009.07.008},
  bibsource = {DBLP, http://dblp.uni-trier.de}
}

@article{InterfaceAut01,
 author = {de Alfaro, Luca and Henzinger, Thomas A.},
 title = {Interface automata},
 journal = {SIGSOFT Softw. Eng. Notes},
 issue_date = {Sept. 2001},
 volume = {26},
 number = {5},
 month = sep,
 year = {2001},
 issn = {0163-5948},
 pages = {109--120},
 numpages = {12},
 url = {http://doi.acm.org/10.1145/503271.503226},
 doi = {10.1145/503271.503226},
 acmid = {503226},
 publisher = {ACM},
 address = {New York, NY, USA},
}

@inproceedings{MELD07,
  author    = {Michael P. Ashley-Rollman and
               Seth Copen Goldstein and
               Peter Lee and
               Todd C. Mowry and
               Padmanabhan Pillai},
  title     = {Meld: A declarative approach to programming ensembles},
  booktitle = {IROS},
  year      = {2007},
  pages     = {2794-2800},
  ee        = {http://dx.doi.org/10.1109/IROS.2007.4399480},
  crossref  = {DBLP:conf/iros/2007},
  bibsource = {DBLP, http://dblp.uni-trier.de}
}

@proceedings{DBLP:conf/iros/2007,
  title     = {2007 IEEE/RSJ International Conference on Intelligent Robots
               and Systems, October 29 - November 2, 2007, Sheraton Hotel
               and Marina, San Diego, California, USA},
  booktitle = {IROS},
  publisher = {IEEE},
  year      = {2007},
  bibsource = {DBLP, http://dblp.uni-trier.de}
}

@inproceedings{ARLGPC09,
  author    = {Michael P. Ashley-Rollman and
               Peter Lee and
               Seth Copen Goldstein and
               Padmanabhan Pillai and
               Jason Campbell},
  title     = {A Language for Large Ensembles of Independently Executing
               Nodes},
  booktitle = {ICLP},
  year      = {2009},
  pages     = {265-280},
  ee        = {http://dx.doi.org/10.1007/978-3-642-02846-5_24},
  crossref  = {DBLP:conf/iclp/2009},
  bibsource = {DBLP, http://dblp.uni-trier.de}
}

@proceedings{DBLP:conf/iclp/2009,
  editor    = {Patricia M. Hill and
               David Scott Warren},
  title     = {Logic Programming, 25th International Conference, ICLP 2009,
               Pasadena, CA, USA, July 14-17, 2009. Proceedings},
  booktitle = {ICLP},
  publisher = {Springer},
  series    = {LNCS},
  volume    = {5649},
  year      = {2009},
  isbn      = {978-3-642-02845-8},
  ee        = {http://dx.doi.org/10.1007/978-3-642-02846-5},
  bibsource = {DBLP, http://dblp.uni-trier.de}
}

@inproceedings{HW11,
  author    = {Matthias M. H{\"o}lzl and
               Martin Wirsing},
  title     = {Towards a System Model for Ensembles},
  booktitle = {Formal Modeling: Actors, Open Systems, Biological Systems},
  year      = {2011},
  pages     = {241-261},
  ee        = {http://dx.doi.org/10.1007/978-3-642-24933-4_12},
  crossref  = {DBLP:conf/birthday/2011talcott},
  bibsource = {DBLP, http://dblp.uni-trier.de}
}

@proceedings{DBLP:conf/birthday/2011talcott,
  editor    = {Gul Agha and
               Olivier Danvy and
               Jos{\'e} Meseguer},
  title     = {Formal Modeling: Actors, Open Systems, Biological Systems
               - Essays Dedicated to Carolyn Talcott on the Occasion of
               Her 70th Birthday},
  booktitle = {Formal Modeling: Actors, Open Systems, Biological Systems},
  publisher = {Springer},
  series    = {LNCS},
  volume    = {7000},
  year      = {2011},
  isbn      = {978-3-642-24932-7},
  ee        = {http://dx.doi.org/10.1007/978-3-642-24933-4},
  bibsource = {DBLP, http://dblp.uni-trier.de}
}

@inproceedings{DeclNetw06,
 author = {Loo, Boon Thau and Condie, Tyson and Garofalakis, Minos and Gay, David E. and Hellerstein, Joseph M. and Maniatis, Petros and Ramakrishnan, Raghu and Roscoe, Timothy and Stoica, Ion},
 title = {Declarative networking: language, execution and optimization},
 booktitle = {Proceedings of the 2006 ACM SIGMOD international conference on Management of data},
 series = {SIGMOD '06},
 year = {2006},
 isbn = {1-59593-434-0},
 location = {Chicago, IL, USA},
 pages = {97--108},
 numpages = {12},
 url = {http://doi.acm.org/10.1145/1142473.1142485},
 doi = {10.1145/1142473.1142485},
 acmid = {1142485},
 publisher = {ACM},
 address = {New York, NY, USA},
 keywords = {declarative networks, recursive queries},
}

@article{DeclNetw09,
 author = {Loo, Boon Thau and Condie, Tyson and Garofalakis, Minos and Gay, David E. and Hellerstein, Joseph M. and Maniatis, Petros and Ramakrishnan, Raghu and Roscoe, Timothy and Stoica, Ion},
 title = {Declarative networking},
 journal = {Commun. ACM},
 issue_date = {November 2009},
 volume = {52},
 number = {11},
 month = nov,
 year = {2009},
 issn = {0001-0782},
 pages = {87--95},
 numpages = {9},
 url = {http://doi.acm.org/10.1145/1592761.1592785},
 doi = {10.1145/1592761.1592785},
 acmid = {1592785},
 publisher = {ACM},
 address = {New York, NY, USA},
}

@article{EnsComp10,
 author = {Want, Roy and Schooler, Eve and Jelinek, Lenka and Jung, Jaeyeon and Dahle, Dan and Sengupta, Uttam},
 title = {Ensemble Computing: Opportunities And Challenges},
 journal = {Intel Technology Journal},
 volume = {14},
 number = {1},
 year = {2010},
 pages = {118--141},
 url = {http://doi.acm.org/10.1145/1592761.1592785},
 publisher = {Intel},
}

@inproceedings{BGT08,
 author = {Baresi, Luciano and Guinea, Sam and Tamburrelli, Giordano},
 title = {Towards decentralized self-adaptive component-based systems},
 booktitle = {Proceedings of the 2008 international workshop on Software engineering for adaptive and self-managing systems},
 series = {SEAMS '08},
 year = {2008},
 isbn = {978-1-60558-037-1},
 location = {Leipzig, Germany},
 pages = {57--64},
 numpages = {8},
 url = {http://doi.acm.org/10.1145/1370018.1370029},
 doi = {10.1145/1370018.1370029},
 acmid = {1370029},
 publisher = {ACM},
 address = {New York, NY, USA},
 keywords = {aspect-oriented-programming, decentralization, distributed supervision, self-adapatability},
}

@inproceedings{BCGLV12,
  author    = {Roberto Bruni and
               Andrea Corradini and
               Fabio Gadducci and
               Alberto Lluch-Lafuente and
               Andrea Vandin},
  title     = {A Conceptual Framework for Adaptation},
  booktitle = {FASE},
  year      = {2012},
  pages     = {240-254},
  ee        = {http://dx.doi.org/10.1007/978-3-642-28872-2_17},
  crossref  = {DBLP:conf/fase/2012},
  bibsource = {DBLP, http://dblp.uni-trier.de}
}

@proceedings{DBLP:conf/fase/2012,
  editor    = {Juan de Lara and
               Andrea Zisman},
  title     = {Fundamental Approaches to Software Engineering - 15th International
               Conference, FASE 2012, Held as Part of the European Joint
               Conferences on Theory and Practice of Software, ETAPS 2012,
               Tallinn, Estonia, March 24 - April 1, 2012. Proceedings},
  booktitle = {FASE},
  publisher = {Springer},
  series    = {LNCS},
  volume    = {7212},
  year      = {2012},
  isbn      = {978-3-642-28871-5},
  ee        = {http://dx.doi.org/10.1007/978-3-642-28872-2},
  bibsource = {DBLP, http://dblp.uni-trier.de}
}

@article{IgarashiPW01,
	Author = {Atsushi Igarashi and Benjamin C. Pierce and Philip Wadler},
	Bibsource = {DBLP, http://dblp.uni-trier.de},
	Date-Added = {2012-06-04 09:36:29 +0000},
	Date-Modified = {2012-06-04 09:36:29 +0000},
	Ee = {http://doi.acm.org/10.1145/503502.503505},
	Journal = {ACM Trans. Program. Lang. Syst.},
	Number = {3},
	Pages = {396-450},
	Title = {Featherweight Java: a minimal core calculus for {J}ava and {G}{J}},
	Volume = {23},
	Year = {2001}
}

@inproceedings{Clarke:2009,
	Acmid = {1562122},
	Address = {New York, NY, USA},
	Articleno = {10},
	Author = {Clarke, Dave and Sergey, Ilya},
	Booktitle = {International Workshop on Context-Oriented Programming},
	Date-Added = {2012-06-04 09:36:29 +0000},
	Date-Modified = {2012-06-04 09:36:29 +0000},
	Doi = {http://doi.acm.org/10.1145/1562112.1562122},
	Isbn = {978-1-60558-538-3},
	Location = {Genova, Italy},
	Numpages = {6},
	Pages = {10:1--10:6},
	Publisher = {ACM},
	Series = {COP '09},
	Title = {A semantics for context-oriented programming with layers},
	Url = {http://doi.acm.org/10.1145/1562112.1562122},
	Year = {2009},
	Bdsk-Url-1 = {http://doi.acm.org/10.1145/1562112.1562122}
}

@inproceedings{Clarke:2009:2,
	Acmid = {1562113},
	Address = {New York, NY, USA},
	Articleno = {1},
	Author = {Clarke, Dave and Costanza, Pascal and Tanter, \'{E}ric},
	Booktitle = {Proc. of COP'09},
	Date-Added = {2012-06-04 09:36:29 +0000},
	Date-Modified = {2012-06-04 09:36:29 +0000},
	Doi = {http://doi.acm.org/10.1145/1562112.1562113},
	Isbn = {978-1-60558-538-3},
	Location = {Genova, Italy},
	Numpages = {6},
	Pages = {1:1--1:6},
	Publisher = {ACM},
	Title = {How should context-escaping closures proceed?},
	Url = {http://doi.acm.org/10.1145/1562112.1562113},
	Year = {2009},
	Bdsk-Url-1 = {http://doi.acm.org/10.1145/1562112.1562113}
}

@inproceedings{Hirschfeld:2011,
	Acmid = {1960515},
	Address = {New York, NY, USA},
	Author = {Hirschfeld, Robert and Igarashi, Atsushi and Masuhara, Hidehiko},
	Booktitle = {Proceedings of the 10th international workshop on Foundations of aspect-oriented languages},
	Date-Added = {2012-06-04 09:36:29 +0000},
	Date-Modified = {2012-06-04 09:36:29 +0000},
	Doi = {http://doi.acm.org/10.1145/1960510.1960515},
	Isbn = {978-1-4503-0644-7},
	Keywords = {context-oriented programming, operational semantics},
	Location = {Porto de Galinhas, Brazil},
	Numpages = {5},
	Pages = {19--23},
	Publisher = {ACM},
	Series = {FOAL '11},
	Title = {Context{F}{J}: a minimal core calculus for context-oriented programming},
	Url = {http://doi.acm.org/10.1145/1960510.1960515},
	Year = {2011}
}	

@inproceedings{coordination2012,
	Title = {Typing for coordinating Secure Behavioural Variations},
	Author = {Pierpaolo Degano and Gian-Luigi Ferrari and Letterio Galletta and Gianluca Mezzetti},
	Booktitle = {Coordination Models and Languages},
	publisher = {Springer},
    series    = {LNCS},
    volume    = {7274},
	Year = {2012},
}

@inproceedings{BV11,
	Author = {L.~Bettini and B.~Venneri},
	Booktitle = {PPPJ},
	Pages = {111-120},
	Title = {Object Reuse and Behavior Adaptation in Java-like Languages},
	Publisher = {ACM},
	Year = {2011},
}
	
@article{DL04:TOCL04,
	Author = {Rocco {De Nicola} and Michele Loreti},
	Journal = {ACM Trans. Comput. Log.},
	Number = {1},
	Pages = {79-128},
	Title = {A modal logic for mobile agents},
	Volume = {5},
	Year = {2004}}

@article{DKLLM07:TCS07,
	Author = {Rocco {De Nicola} and Joost-Pieter Katoen and Diego Latella and Michele Loreti and Mieke Massink},
	Journal = {Theor. Comput. Sci.},
	Number = {1},
	Pages = {42-70},
	Title = {Model checking mobile stochastic logic},
	Volume = {382},
	Year = {2007}}

@techreport{FULL,
        Author = {E.~Gjondrekaj and M.~Loreti and R.~Pugliese and F.~Tiezzi},
	Note = {\url{http://rap.dsi.unifi.it/scel/pdf/MAWATBCL.pdf}},
	Title = {Modeling adaptation with a data-driven coordination language},
	Institution = {Univ. Firenze},
	Year = {2011}}

@INPROCEEDINGS{ASCENSatFMCO11,
  AUTHOR =       {Martin Wirsing and Matthias M. H{\"o}lzl and Mirco Tribastone and Franco Zambonelli},
  TITLE =        {{ASCENS}: Engineering Autonomic Service-Component Ensembles},
  BOOKTITLE =    {Proc. of the 10th Int. Symposium on Formal Methods for Components and Objects (FMCO11)},
  YEAR =         {2012},
  editor =       {Beckert, B. and Bonsangue, M. and de Boer, F. and Damiani, F.},
  publisher =    {Springer},
  series =       {LNCS},
  notes =        {to appear},
}

@inproceedings{BA11,
	Author = {Bhakti , M. A. C. and Azween, Abdullah},
	Booktitle = {CSIT},
	Pages = {23-29},
	Publisher = {IACSIT Press},
	Title = {Formal Modeling of an Autonomic Service Oriented Architecture},
	Volume = {5},
	Year = {2011}}

@techreport{JavaStop,
	Author = {Java 2 Platform Standard Edition 5.0 guide},
	Institution = {Oracle},
	Title = {Why Are Thread.stop, Thread.suspend, Thread.resume and Runtime.runFinalizersOnExit Deprecated?},
	Year = {2010}}

@inproceedings{YangAMNN11,
	Author = {Fan Yang and Tomoyuki Aotani and Hidehiko Masuhara and Flemming Nielson and Hanne Riis Nielson},
	Booktitle = {COORDINATION},
	Pages = {202-218},
	Publisher = {Springer},
	Series = {LNCS},
	Title = {{Combining Static Analysis and Runtime Checking in Security Aspects for Distributed Tuple Spaces}},
	Volume = {6721},
	Year = {2011}}

@inproceedings{LBM10,
	Author = {Lanese, Ivan and Bucchiarone, Antonio and Montesi, Fabrizio},
	Booktitle = {TGC},
	Pages = {284--300},
	Publisher = {Springer},
	Series = {LNCS},
	Title = {A framework for rule-based dynamic adaptation},
	Volume = {6084},
	Year = {2010}}

@techreport{FLSS08,
	Author = {M. Fahrmair and C. Leuxner and W. Sitou and B. Spanfelner},
	Date-Added = {2011-06-08 11:07:30 +0200},
	Date-Modified = {2011-06-08 11:10:39 +0200},
	Institution = {Technic University of Munich},
	Month = {August},
	Number = {TUM-I0830},
	Title = {CAWAR - Formalizing a Framework for Ubuquitous Computing Applications},
	Year = {2008}}

@inproceedings{KAM10,
	Author = {Kamina, Tetsuo and Aotani, Tomoyuki and Masuhara, Hidehiko},
	Booktitle = {Proceedings of the 2nd International Workshop on Context-Oriented Programming},
	Date-Added = {2011-06-07 18:20:11 +0200},
	Date-Modified = {2011-06-07 18:21:39 +0200},
	Publisher = {ACM},
	Series = {COP '10},
	Title = {Designing event-based context transition in context-oriented programming},
	Year = {2010}}

@inproceedings{GPS10,
	Author = {C. Ghezzi and M. Pradella and G. Salvaneschi},
	Booktitle = {SEAMS},
	Pages = {59-68	},
	Publisher = {ACM},
	Title = {{Programming Language Support to Context-Aware Adaptation---A Case-Study with Erlang}},
	Year = {2010}}

@article{SGP11,
	Author = {G. Salvaneschi and C. Ghezzi and M. Pradella},
	Journal = {CoRR},
	Title = {Context-Oriented Programming: A Programming Paradigm for Autonomic Systems},
	Volume = {abs/1105.0069},
	Year = {2011}}

@article{ESA03,
	Author = {Ensink, B. and Stanley, J. and Adve, V.},
	Date-Added = {2011-06-06 21:17:55 +0200},
	Date-Modified = {2011-06-07 18:13:16 +0200},
	Journal = {Journal of Parallel and Distributed Computing},
	Month = {May},
	Pages = {1082-1104},
	Title = {Program Control Language: a programming language for adaptive distributed applications},
	Volume = {63},
	Year = {2003}}

@article{TMA+96,
	Author = {R. Taylor and N. Medvidovic and K. Anderson and E. Whitehead Jr.},
	Date-Added = {2011-06-06 16:30:30 +0200},
	Date-Modified = {2011-06-07 18:08:27 +0200},
	Journal = {IEEE TSE},
	Month = {June},
	Number = {6},
	Title = {A Component- and Message-Based Architectural Style for GUI Software},
	Volume = {22},
	Year = {1996}}

@techreport{MMR01,
	Author = {N. Medvidovic and M. Nikic-Makic},
	Date-Added = {2011-06-03 15:24:56 +0200},
	Date-Modified = {2011-06-07 18:12:02 +0200},
	Institution = {CSD, University of Southern California},
	Title = {Architectural Support for Programming in the Many},
	Year = {2001}}

@article{LP06,
	Author = {Liu, H and Parshar, M},
	Date-Added = {2011-06-03 11:36:47 +0200},
	Date-Modified = {2011-06-07 18:23:13 +0200},
	Journal = {IEEE Transaction on Systems, Man and Cybernetics-PartC: Applications and Reviews},
	Month = {May},
	Number = {3},
	Pages = {341-353},
	Title = {Accord: A Programming Framework for Autonomic Applications},
	Volume = {36},
	Year = {2006}}

@article{Klein08,
	Author = {Klein, C},
	Date-Added = {2011-06-03 11:33:31 +0200},
	Date-Modified = {2011-06-07 18:24:38 +0200},
	Journal = {Fourth International Conference on Autonomic and Autonomous Systems},
	Title = {A Survey of Context Adaptation in Autonomic Computing},
	Year = {2008}}

@article{AR06,
	Author = {Anthony, R.},
	Date-Added = {2011-06-02 12:17:30 +0200},
	Date-Modified = {2011-06-07 18:13:33 +0200},
	Journal = {Engineering Emergence for Autonomic Systems (International Conference on Autonomic Computing).},
	Title = {Emergent Graph colouring},
	Year = {2006}}

@article{HMC08,
	Author = {Huebscher, M.C. and J.A. McCann},
	Journal = {ACM Computing Surveys},
	Number = {3},
	Title = {A survey of Autonomic Computing-Degrees, Models and Applications},
	Volume = {40},
	Year = {2008}}

@inproceedings{PH05,
	Author = {Manish Parashar and Salim Hariri},
	Booktitle = {Unconventional Programming Paradigms},
	Pages = {247--259},
	Publisher = {Springer},
	Title = {Autonomic computing: An overview},
	Year = {2005}}

@article{KC03,
	Author = {Kephart, Jeffrey O. and Chess, David M.},
	Issue = {1},
	Journal = {Computer},
	Pages = {41--50},
	Publisher = {IEEE},
	Title = {{The Vision of Autonomic Computing}},
	Volume = {36},
	Year = {2003}}

@article{DFP98,
	Author = {De Nicola, Rocco and Ferrari, GianLuigi and Pugliese, Rosario},
	Journal = {IEEE Transactions on Software Engineering},
	Number = {5},
	Pages = {315-330},
	Publisher = {IEEE Computer Society},
	Title = {{Klaim: a Kernel Language for Agents Interaction and Mobility}},
	Url = {http://music.dsi.unifi.it/papers/tse.pdf},
	Volume = {24},
	Year = {1998},
	Bdsk-Url-1 = {http://music.dsi.unifi.it/papers/tse.pdf}}

@techreport{De+06b,
	Author = {De Nicola, Rocco and Katoen, Joost-Pieter and Latella, Diego and Loreti, Michele and Massink, Mieke},
	Number = {ISTI-06-35},
	Title = {{MoSL: A Stochastic Logic for StoKlaim}},
	Url = {http://rap.dsi.unifi.it/sensoria/MoSL.pdf},
	Year = {2006},
	Bdsk-Url-1 = {http://rap.dsi.unifi.it/sensoria/MoSL.pdf}}

@incollection{OLDHRW08,
	Acmid = {1484192},
	Address = {Berlin, Heidelberg},
	Author = {H\"{o}lzl, Matthias and Rauschmayer, Axel and Wirsing, Martin},
	Chapter = {Software Engineering for Ensembles},
	Doi = {http://dx.doi.org/10.1007/978-3-540-89437-7_2},
	Editor = {Wirsing, Martin and Ban\^{a}tre, Jean-Pierre and H\"{o}lzl, Matthias and Rauschmayer, Axel},
	Isbn = {978-3-540-89436-0},
	Numpages = {19},
	Pages = {45--63},
	Publisher = {Springer-Verlag},
	Title = {Software-Intensive Systems and New Computing Paradigms},
	Url = {http://dx.doi.org/10.1007/978-3-540-89437-7_2},
	Year = {2008},
	Bdsk-Url-1 = {http://dx.doi.org/10.1007/978-3-540-89437-7_2}}

@article{OLD_OPG+99,
	Author = {Oreizy, Peyman and Gorlick, Michael M. and Taylor, Richard N. and Heimbigner, Dennis and Johnson, Gregory and Medvidovic, Nenad and Quilici, Alex and Rosenblum, David S. and Wolf, Alexander L.},
	Doi = {http://dx.doi.org/10.1109/5254.769885},
	Issn = {1541-1672},
	Issue = {3},
	Journal = {IEEE Intelligent Systems},
	Month = {May},
	Numpages = {9},
	Pages = {54--62},
	Publisher = {IEEE Educational Activities Department},
	Title = {An Architecture-Based Approach to Self-Adaptive Software},
	Url = {http://dx.doi.org/10.1109/5254.769885},
	Volume = {14},
	Year = {1999},
	Bdsk-Url-1 = {http://dx.doi.org/10.1109/5254.769885}}

@article{OPG+99,
	Author = {P.~{Oreizy et al.}},
	Issue = {3},
	Journal = {IEEE Intelligent Systems},
	Pages = {54--62},
	Publisher = {IEEE},
	Title = {{An Architecture-Based Approach to Self-Adaptive Software}},
	Volume = {14},
	Year = {1999}}

@inproceedings{GB03,
	Author = {Philip Greenwood and Lynne Blair},
	Booktitle = {DAW},
	Pages = {76-88},
	Title = {{Using Dynamic Aspect-Oriented Programming to Implement an Autonomic System}},
	Year = {2004}}

@inproceedings{CK99,
	Author = {Paolo Ciancarini and Thilo Kielmann},
	Booktitle = {PARCO},
	Pages = {3--17},
	Publisher = {Imperial College Press},
	Title = {Coordination Models And Languages For Parallel Programming},
	Year = {1999}}

@article{Gel85,
	Author = {Gelernter, David},
	Issue = {1},
	Journal = {ACM Trans. Program. Lang. Syst.},
	Pages = {80--112},
	Publisher = {ACM},
	Title = {{Generative communication in Linda}},
	Volume = {7},
	Year = {1985}}
	
@article{KLAVA,
	Author = {L. Bettini and R. De Nicola and R. Pugliese},
	Issue = {14},
	Journal = {Software - Practice and Experience},
	Pages = {1365--1394},
	Title = {{Klava: a Java Package for Distributed and Mobile Applications}},
	Volume = {32},
	Year = {2002}}	
	

@inproceedings{OLDBBD+03,
	Author = {Bettini, Lorenzo and Bono, Viviana and De Nicola, Rocco and Ferrari, GianLuigi and Gorla, Daniele and Loreti, Michele and Moggi, Eugenio and Pugliese, Rosario and Tuosto, Emilio and Venneri, Betti},
	Booktitle = {Global Computing. Programming Environments, Languages, Security, and Analysis of Systems, IST/FET International Workshop, GC 2003, Revised Papers},
	Editor = {C. Priami},
	Pages = {88-150},
	Publisher = {Springer},
	Series = {LNCS},
	Title = {{The Klaim Project: Theory and Practice}},
	Url = {http://rap.dsi.unifi.it/bibliography/files/klaimproject.ps.gz},
	Volume = {2874},
	Year = {2003},
	Bdsk-Url-1 = {http://rap.dsi.unifi.it/bibliography/files/klaimproject.ps.gz}}

@inproceedings{BBD+03,
	Author = {L.~{Bettini et al.}},
	Booktitle = {Global Computing. Programming Environments, Languages, Security, and Analysis of Systems},
	Pages = {88-150},
	Publisher = {Springer},
	Series = {LNCS},
	Title = {{The Klaim Project: Theory and Practice}},
	Volume = {2874},
	Year = {2003}}

@article{DSNH10,
	Author = {Dobson, S. and Sterritt, R. and Nixon, P. and Hinchey, M.},
	Doi = {10.1109/MC.2010.14},
	Issn = {0018-9162},
	Journal = {Computer},
	Keywords = {autonomic computing;next-generation enterprise;self-managing systems;sensor systems;systems engineering;fault tolerant computing;},
	Month = {jan.},
	Number = {1},
	Pages = {35 -41},
	Title = {Fulfilling the Vision of Autonomic Computing},
	Volume = {43},
	Year = {2010},
	Bdsk-Url-1 = {http://dx.doi.org/10.1109/MC.2010.14}}

@inproceedings{PGA02,
	Author = {Popovici, Andrei and Gross, Thomas and Alonso, Gustavo},
	Booktitle = {Proceedings of the 1st international conference on Aspect-oriented software development},
	Doi = {http://doi.acm.org/10.1145/508386.508404},
	Isbn = {1-58113-469-X},
	Location = {Enschede, The Netherlands},
	Numpages = {7},
	Pages = {141--147},
	Publisher = {ACM},
	Series = {AOSD '02},
	Title = {Dynamic weaving for aspect-oriented programming},
	Url = {http://doi.acm.org/10.1145/508386.508404},
	Year = {2002},
	Bdsk-Url-1 = {http://doi.acm.org/10.1145/508386.508404}}

@article{HCN08,
	Author = {Robert Hirschfeld and Pascal Costanza and Oscar Nierstrasz},
	Bibsource = {DBLP, http://dblp.uni-trier.de},
	Ee = {http://dx.doi.org/10.5381/jot.2008.7.3.a4},
	Journal = {Journal of Object Technology},
	Number = {3},
	Pages = {125-151},
	Title = {Context-oriented Programming},
	Volume = {7},
	Year = {2008}}

@article{AHHM11,
	Author = {Malte Appeltauer and Robert Hirschfeld and Michael Haupt and Hidehiko Masuhara},
	Journal = {Journal of the Japan Society for Software Science and Technology on Computer Software},
	Note = {To appear},
	Title = {ContextJ: Context-oriented Programming with Java.},
	Year = {2011}}

@conference{GPS11,
	Author = {Ghezzi, Carlo and Pradella, Matteo and Salvaneschi, Guido},
	Booktitle = {SEAMS},
	Note = {To appear},
	Publisher = {ACM},
	Title = {{A}n {E}valuation of the {A}daptation {C}apabilities in {P}rogramming {L}anguages},
	Year = {2011}}

@inproceedings{OLDLP04,
	Author = {Zhen Li and Manish Parashar},
	Booktitle = {In Proceedings of The International Conference on Autonomic Computing},
	Pages = {278--279},
	Title = {Rudder: A Rule-based Multi-agent Infrastructure for Supporting Autonomic Grid Applications},
	Year = {2004}}

@article{LP04,
	Author = {Zhen Li and Manish Parashar},
	Journal = {Multiagent and Grid Systems},
	Number = {3},
	Pages = {183-195},
	Title = {{Rudder: An agent-based infrastructure for autonomic composition of grid applications}},
	Volume = {1},
	Year = {2005}}

@misc{Li04,
	Author = {Zhen Li},
	Title = {Semantic Framework for Rudder Middleware Infrastructure}}

@inproceedings{DHX+03,
	Author = {Dong, Xiangdong and Hariri, S. and Xue, Lizhi and Chen, Huoping and Zhang, Ming and Pavuluri, S. and Rao, S.},
	Booktitle = {IPCCC},
	Pages = {61--68},
	Publisher = {IEEE},
	Title = {{Autonomia: an autonomic computing environment}},
	Year = {2003}}

@inproceedings{BRF04,
	Author = {Jean-Pierre Ban{\^a}tre and Yann Radenac and Pascal Fradet},
	Booktitle = {IASSE},
	Pages = {72-79},
	Publisher = {ISCA},
	Title = {{Chemical Specification of Autonomic Systems}},
	Year = {2004}}

@inproceedings{AK09a,
	Author = {Oana Andrei and H{\'e}l{\`e}ne Kirchner},
	Booktitle = {TERMGRAPH},
	Pages = {17--38},
	Publisher = {Elsevier},
	Series = {ENTCS},
	Title = {A Port Graph Calculus for Autonomic Computing and Invariant Verification},
	Volume = {253(4)},
	Year = {2009}}

@inproceedings{AK09b,
	Author = {Oana Andrei and H{\'e}l{\`e}ne Kirchner},
	Booktitle = {Graph Theory, Computational Intelligence and Thought},
	Pages = {15-26},
	Publisher = {Springer},
	Title = {{A Higher-Order Graph Calculus for Autonomic Computing}},
	Year = {2009}}

@incollection{OLDACD+06,
	Author = {Aldinucci, Marco and Coppola, Massimo and Danelutto, Marco and Vanneschi, Marco and Zoccolo, Corrado},
	Booktitle = {Grid Computing: Software environments and Tools},
	Chapter = {10},
	Pages = {230--256},
	Publisher = {Springer},
	Title = {{ASSIST as a research framework for high-performance Grid programming environments}},
	Year = {2006}}

@inproceedings{HRW08,
	Author = {H\"{o}lzl, Matthias and Rauschmayer, Axel and Wirsing, Martin},
	Booktitle = {Software-Intensive Systems and New Computing Paradigms},
	Pages = {45--63},
	Publisher = {Springer},
	Title = {Software Engineering for Ensembles},
	Year = {2008}}

@inproceedings{ACD+06,
	Author = {M.~{Aldinucci et al.}},
	Booktitle = {Grid Computing: Software environments and Tools},
	Pages = {230--256},
	Publisher = {Springer},
	Title = {{ASSIST as a research framework for high-performance Grid programming environments}},
	Year = {2006}}

@inproceedings{ADV06,
	Author = {Aldinucci, Marco and Danelutto, Marco and Vanneschi, Marco},
	Booktitle = {PDP},
	Pages = {221--230},
	Publisher = {IEEE},
	Title = {{Autonomic QoS in ASSIST Grid-Aware Components}},
	Year = {2006}}

@inproceedings{XKLAIM,
	Author = {Lorenzo Bettini and Rocco De Nicola and Gian Luigi Ferrari and Rosario Pugliese},
	Bibsource = {DBLP, http://dblp.uni-trier.de},
	Booktitle = {WETICE},
	Pages = {110-117},
	Title = {Interactive Mobile Agents in X-Klaim},
	Year = {1998}}

@article{JAC_SPE,
  author    = {Renaud Pawlak and
               Lionel Seinturier and
               Laurence Duchien and
               Gerard Florin and
               Fabrice Legond-Aubry and
               Laurent Martelli},
  title     = {JAC: an aspect-based distributed dynamic framework},
  journal   = {Softw., Pract. Exper.},
  volume    = {34},
  number    = {12},
  year      = {2004},
  pages     = {1119-1148},
}

@inproceedings{JAC_LNCS,
  author    = {Renaud Pawlak and
               Lionel Seinturier and
               Laurence Duchien and
               Gerard Florin},
  title     = {{JAC: A Flexible Solution for Aspect-Oriented Programming
               in Java}},
  booktitle = {Reflection},
  year      = {2001},
  pages     = {1-24},
  publisher = {Springer},
  series    = {LNCS},
  volume    = {2192},

}


@inproceedings{viroli_sac,
  author    = {Mirko Viroli and
               Danilo Pianini and
               Sara Montagna and
               Graeme Stevenson},
  title     = {{Pervasive Ecosystems: a Coordination Model Based on Semantic Chemistry}},
  booktitle = {SAC},
  year      = {2012},
  publisher = {ACM},

}

@inproceedings{ADAPT_PATTERNS,
	Author = {G. Cabri and M. Puviani and F. Zambonelli},
	Booktitle = {CTS},
	Pages = {508--515},
	Publisher = {IEEE},
	Title = {Towards a taxonomy of adaptive agent-based collaboration patterns for autonomic service ensembles},
	Year = {2011}}

@inproceedings{BruniCGLV12,
  author    = {Roberto Bruni and
               Andrea Corradini and
               Fabio Gadducci and
               Alberto Lluch-Lafuente and
               Andrea Vandin},
  title     = {A Conceptual Framework for Adaptation},
  booktitle = {FASE},
  year      = {2012},
  pages     = {240-254},
  publisher = {Springer},
  series    = {LNCS},
  volume    = {7212},
}

@inproceedings{jboss,
 author = {Janssens, Nico and Truyen, Eddy and Sanen, Frans and Joosen, Wouter},
 title = {Adding dynamic reconfiguration support to JBoss AOP},
 booktitle = {Proceedings of the 1st workshop on Middleware-application interaction: in conjunction with Euro-Sys 2007},
 series = {MAI '07},
 year = {2007},
 isbn = {978-1-59593-696-7},
 location = {Lisbon, Portugal},
 pages = {1--8},
 numpages = {8},
 url = {http://doi.acm.org/10.1145/1238828.1238830},
 doi = {10.1145/1238828.1238830},
 acmid = {1238830},
 publisher = {ACM},
 address = {New York, NY, USA},
 keywords = {aspect-oriented middleware, dynamic distributed aspect weaving, dynamic reconfiguration of distributed systems, global state consistency, structural integrity},
}

@inproceedings{Magableh2011,
 author = {Magableh, Basel and Barrett, Stephen},
 title = {Adaptive context oriented component-based application middleware (COCA-middleware)},
 booktitle = {Proceedings of the 8th international conference on Ubiquitous intelligence and computing},
 series = {UIC'11},
 year = {2011},
 isbn = {978-3-642-23640-2},
 location = {Banff, Canada},
 pages = {137--151},
 numpages = {15},
 url = {http://dl.acm.org/citation.cfm?id=2035646.2035662},
 acmid = {2035662},
 publisher = {Springer-Verlag},
 address = {Berlin, Heidelberg},
 keywords = {adaptive middleware, context-aware middleware, context-oriented programming, design patterns},
}

@inproceedings{ObjectiveCOP2011,
 author = {Magableh, Basel and Barrett, Stephen},
 title = {Objective-cop: Objective context oriented programming},
 booktitle = {International Conference on Information and Communication Systems},
 year = {2011},
 pages = {45--49},
 publisher = {Springer-Verlag},
 address = {Berlin, Heidelberg},
}

@inproceedings{Gonzalez:2010,
 author = {Gonz\'{a}lez, Sebasti\'{a}n and Cardozo, Nicol\'{a}s and Mens, Kim and C\'{a}diz, Alfredo and Libbrecht, Jean-Christophe and Goffaux, Julien},
 title = {Subjective-C: bringing context to mobile platform programming},
 booktitle = {Proceedings of the Third international conference on Software language engineering},
 series = {SLE'10},
 year = {2011},
 isbn = {978-3-642-19439-9},
 location = {Eindhoven, The Netherlands},
 pages = {246--265},
 numpages = {20},
 url = {http://dl.acm.org/citation.cfm?id=1964571.1964592},
 acmid = {1964592},
 publisher = {Springer-Verlag},
 address = {Berlin, Heidelberg},
}
